
@ARTICLE{withers2017,
   author = {{Withers}, P. and {Vogt}, M.~F.},
    title = "{Occultations of Astrophysical Radio Sources as Probes of Planetary Environments: A Case Study of Jupiter and Possible Applications to Exoplanets}",
  journal = {Astrophys. J.},
     year = 2017,
   volume = 836,
      eid = {114},
    pages = {114},
      doi = {10.3847/1538-4357/836/1/114},
   adsurl = {http://adsabs.harvard.edu/abs/2017ApJ...836..114W},
  adsnote = {Provided by the SAO/NASA Astrophysics Data System}
}

@ARTICLE{withers2010,
   author = {{Withers}, P.},
    title = "{Prediction of uncertainties in atmospheric properties measured by radio occultation experiments}",
  journal = {Adv. Space Res.},
     year = 2010,
   volume = 46,
    pages = {58-73},
      doi = {10.1016/j.asr.2010.03.004},
   adsurl = {http://adsabs.harvard.edu/abs/2010AdSpR..46...58W},
  adsnote = {Provided by the SAO/NASA Astrophysics Data System}
}

@ARTICLE{fjeldbo1971,
   author = {{Fjeldbo}, G. and {Kliore}, A.~J. and {Eshleman}, V.~R.},
    title = "{The neutral atmosphere of Venus as studied with the Mariner V radio occultation experiments}",
  journal = {Astron. J.},
     year = 1971,
   volume = 76,
    pages = {123--140},
   adsurl = {http://adsabs.harvard.edu/abs/1971AJ.....76..123F},
  adsnote = {Provided by the SAO/NASA Astrophysics Data System}
}

@ARTICLE{withers2014,
   author = {{Withers}, P. and {Moore}, L. and {Cahoy}, K. and {Beerer}, I.
	},
    title = "{How to process radio occultation data: 1. From time series of frequency residuals to vertical profiles of atmospheric and ionospheric properties}",
  journal = {Planet. Space Sci.},
     year = 2014,
   volume = 101,
    pages = {77-88},
      doi = {10.1016/j.pss.2014.06.011},
   adsurl = {http://adsabs.harvard.edu/abs/2014P%26SS..101...77W},
  adsnote = {Provided by the SAO/NASA Astrophysics Data System}
}


@ARTICLE{ahmad1998,
   author = {{Ahmad}, B. and {Tyler}, G.~L.},
    title = "{The two-dimensional resolution kernel associated with retrieval of ionospheric and atmospheric refractivity profiles by Abelian inversion of radio occultation phase data}",
  journal = {Radio Sci.},
     year = 1998,
   volume = 33,
    pages = {129-142},
      doi = {10.1029/97RS02762},
   adsurl = {http://adsabs.harvard.edu/abs/1998RaSc...33..129A},
  adsnote = {Provided by the SAO/NASA Astrophysics Data System}
}


